@book{MLAIVP,
    author = {F.Camastra and A.Vinciarelli},
    title = {{Machine Learning for Audio, Image and Video Processing}},
    journal = {Springer Verlag},
    year = {2008},
}

@book{SMFP,
    author = {D.C. Howell},
    title = {{Statistical Methods for Psychology}},
    journal = {Cengage Learning},
    year = {2009},
}
